% This file was created with JabRef 2.10.
% Encoding: UTF8


@TechReport{refbib6,
  Title                    = {IEEE Recommended Practices and Requirements for Harmonic Control in Electrical Power Systems},
  Author                   = {\},
  Institution              = {IEEE Std. 519-1992},
  Year                     = {1993}
}

@PhdThesis{refbib8,
  Title                    = {Etude de Onduleurs Autoadaptifs Destines a la Alimentation de Machines Assynchrones},
  Author                   = {I. Barbi},
  School                   = {Institut National Polytechnique de Toulouse},
  Year                     = {1979},

  Address                  = {Toulouse, França}
}

@InProceedings{refbib3,
  Title                    = {A Phase Modulated DGPS Transmitter Implemented with a CMRC},
  Author                   = {S. A. González and M. I. Valla and C. H. Muravchik},
  Booktitle                = {Proceedings of COBEP},
  Year                     = {2001},
  Pages                    = {553-558},
  Volume                   = {2}
}

@Misc{refbib5,
  Title                    = {Hybrid Topology for Multilevel Power Conversion},

  Author                   = {T. A. Lipo and M. D. Manjrekar},
  Month                    = {21~} # dec,
  Note                     = {{US} Patent 6 005 788},
  Year                     = {1999}
}

@Book{refbib4,
  Title                    = {Power Electronics: converters, applications, and design},
  Author                   = {N. Mohan and T. M. Undeland and W. P. Robbins},
  Publisher                = {John Wiley \& Sons, Inc.},
  Year                     = {1995},

  Address                  = {New York, N.Y.},
  Edition                  = {2nd}
}

@Article{refbib1,
  Title                    = {Transformers as Equivalent Circuits for Switches: General Proof and D-Q Transformation-Based Analysis},
  Author                   = {C. T. Rim and D. Y. Hu and G. H. Cho},
  Journal                  = {IEEE Transactions on Industry Applications},
  Year                     = {1990},

  Month                    = {July/August},
  Number                   = {4},
  Pages                    = {832-840},
  Volume                   = {26}
}

@Misc{refbib7,
  Title                    = {{SWDV Converter}},

  Author                   = {{SW Technologies}},
  HowPublished             = {[Online]},
  Year                     = {2001},

  Url                      = {www.sw.com.br}
}

@Article{refbib2,
  Title                    = {Motores de Indução Acionados por Inversores PWM-VSI: Estratégias para Atenuação de Sobretensões},
  Author                   = {E. A. Vendruscolo and J. A. Pomilio},
  Journal                  = {Eletrônica de Potência - SOBRAEP},
  Year                     = {2003},

  Month                    = {Junho},
  Number                   = {1},
  Pages                    = {49-56},
  Volume                   = {8}
}

